@InProceedings{oar_ccgrid05,
          author =       {Nicolas Capit and Georges Da Costa and Yiannis Georgiou and Guillaume Huard and Cyrille Marti
n and Grégory Mounié and Pierre Neyron and Olivier Richard},
          title =        {A batch scheduler with high level components},
          booktitle =    {Cluster computing and Grid 2005 (CCGrid05)},
          year =         2005,
	  URL = {http://oar.imag.fr/papers/oar_ccgrid05.pdf}
}

@InProceedings{CDCHMMNR2003,
  AUTHOR             = {N. Capit and G. Da Costa and G. Huard and C. Martin and G. Mouni\'e and P.
Neyron and O. Richard},
  BOOKTITLE          = {Actes de CFSE 2003},
  TITLE              = {Exp\'eriences autour d'une nouvelle approche de conception d'un gestionnaire de travaux pour gr
appe},
  YEAR               = {2003},
  URL = {http://oar.imag.fr/papers/oar_cfse03.pdf}
}

@InProceedings{pmaa04,
author          = {N. Capit and L. Desbat and L. Eyrauld and O. Richard},
title           = {CIMENT GRID: a GRID facility for large scale parametric computing},
booktitle       = {Workshop PMAA},
month           = {October},
year            = {2004}
}

